@article{Troullier:1991ey,
  author  = {Troullier, N and Martins, José Luís},
  journal = {Physical Review B},
  month   = jan,
  number  = {3},
  pages   = {1993--2006},
  title   = {{Efficient pseudopotentials for plane-wave calculations}},
  volume  = {43},
  year    = {1991},
}

@article{Kleinman:1982cx,
  author  = {Kleinman, Leonard and Bylander, D M},
  journal = {Physical Review Letters},
  month   = may,
  number  = {20},
  pages   = {1425--1428},
  title   = {{Efficacious Form for Model Pseudopotentials}},
  volume  = {48},
  year    = {1982},
}

@book{martin2004electronic,
  author    = {Martin, Richard M},
  publisher = {Cambridge university press},
  title     = {Electronic structure: basic theory and practical methods},
  year      = {2004},
}

@article{troullier1990straightforward,
  author    = {Troullier, N and Martins, José Luís},
  journal   = {Solid State Communications},
  number    = {7},
  pages     = {613--616},
  publisher = {Elsevier},
  title     = {A straightforward method for generating soft transferable pseudopotentials},
  volume    = {74},
  year      = {1990},
}

@article{Kerker:1980cs,
  author  = {Kerker, G P},
  journal = {Journal of Physics C: Solid State Physics},
  number  = {9},
  pages   = {L189--L194},
  title   = {{Non-singular atomic pseudopotentials for solid state applications}},
  volume  = {13},
  year    = {1980},
}

@article{Topp:1973cp,
  author  = {Topp, William C and Hopfield, John J},
  journal = {Physical Review B},
  month   = feb,
  number  = {4},
  pages   = {1295--1303},
  title   = {{Chemically Motivated Pseudopotential for Sodium}},
  volume  = {7},
  year    = {1973},
}

@article{Rappe:1990dk,
  author  = {Rappe, Andrew M and Rabe, Karin M and Kaxiras, Efthimios and Joannopoulos, J D},
  journal = {Physical Review B},
  month   = jan,
  number  = {2},
  pages   = {1227--1230},
  title   = {{Optimized pseudopotentials}},
  volume  = {41},
  year    = {1990},
}

@article{ceperley1980ground,
  author    = {Ceperley, David M and Alder, BJ},
  journal   = {Physical Review Letters},
  number    = {7},
  pages     = {566},
  publisher = {APS},
  title     = {Ground state of the electron gas by a stochastic method},
  volume    = {45},
  year      = {1980},
}

@article{perdew1981self,
  author    = {Perdew, John P and Zunger, Alex},
  journal   = {Physical Review B},
  number    = {10},
  pages     = {5048},
  publisher = {APS},
  title     = {Self-interaction correction to density-functional approximations for many-electron systems},
  volume    = {23},
  year      = {1981},
}

@article{Vanderbilt:1990is,
  author  = {Vanderbilt, David},
  journal = {Physical Review B},
  month   = apr,
  number  = {11},
  pages   = {7892--7895},
  title   = {{Soft self-consistent pseudopotentials in a generalized eigenvalue formalism}},
  volume  = {41},
  year    = {1990},
}

@article{Enkovaara:2010jd,
  author  = {Enkovaara, J and Rostgaard, C and Mortensen, J J and Chen, J and Du ak, M and Ferrighi, L and Gavnholt, J and Glinsvad, C and Haikola, V and Hansen, H A and Kristoffersen, H H and Kuisma, M and Larsen, A H and Lehtovaara, L and Ljungberg, M and Lopez-Acevedo, O and Moses, P G and Ojanen, J and Olsen, T and Petzold, V and Romero, N A and Stausholm-M ller, J and Strange, M and Tritsaris, G A and Vanin, M and Walter, M and Hammer, B and H kkinen, H and Madsen, G K H and Nieminen, R M and N rskov, J K and Puska, M and Rantala, T T and Schi tz, J and Thygesen, K S and Jacobsen, K W},
  journal = {Journal of Physics: Condensed Matter},
  month   = jun,
  number  = {25},
  pages   = {253202},
  title   = {{Electronic structure calculations with GPAW: a real-space implementation of the projector augmented-wave method}},
  volume  = {22},
  year    = {2010},
}

@article{rostgaard2009projector,
  author  = {Rostgaard, Carsten},
  journal = {arXiv preprint arXiv:0910.1921},
  title   = {The projector augmented-wave method},
  year    = {2009},
}

@article{Mortensen:2005ep,
  author  = {Mortensen, J J and Hansen, L B and Jacobsen, K W},
  journal = {Physical Review B},
  month   = jan,
  number  = {3},
  pages   = {035109},
  title   = {{Real-space grid implementation of the projector augmented wave method}},
  volume  = {71},
  year    = {2005},
}

@article{Anonymous:2004gu,
  author  = {Ma, Y Z and Somayazulu, M and Shen, G Y and Mao, H K and Shu, J F and Hemley, R J},
  journal = {Physics of the Earth and Planetary Interiors},
  pages   = {455--467},
  title   = {{In situ X-ray diffraction studies of iron to Earth-core conditions}},
  volume  = {143},
  year    = {2004},
}

@article{Sola:2009dw,
  author  = {Sola, E and Brodholt, J P and Alfè, D},
  journal = {Physical Review B},
  month   = jan,
  number  = {2},
  pages   = {024107},
  title   = {{Equation of state of hexagonal closed packed iron under Earth{\textquoteright}s core conditions from quantum Monte Carlo calculations}},
  volume  = {79},
  year    = {2009},
}

@article{Tateno:2010io,
  author  = {{Tateno, Shigehiko} and {Hirose, Kei} and {Ohishi, Yasuo} and {Tatsumi, Yoshiyuki}},
  journal = {Science},
  month   = oct,
  number  = {6002},
  pages   = {359--361},
  title   = {{The Structure of Iron in Earth{\textquoteright}s Inner Core}},
  volume  = {330},
  year    = {2010},
}

@article{Mao:1990ev,
  author  = {{Mao, H K} and {Wu, Y} and {Chen, L C} and {Shu, J F} and {Jephcoat, Andrew P}},
  journal = {Journal of Geophysical Research: Solid Earth},
  month   = dec,
  number  = {B13},
  pages   = {21737--21742},
  title   = {{Static compression of iron to 300 GPa and Fe0.8Ni0.2 alloy to 260 GPa: Implications for composition of the core}},
  volume  = {95},
  year    = {1990},
}

@article{Dewaele:2006ha,
  author  = {Dewaele, Agnès and Loubeyre, Paul and Occelli, Florent and Mezouar, Mohamed and Dorogokupets, Peter I and Torrent, Marc},
  journal = {Physical Review Letters},
  month   = nov,
  number  = {21},
  pages   = {215504},
  title   = {{Quasihydrostatic Equation of State of Iron above 2~Mbar}},
  volume  = {97},
  year    = {2006},
}

@article{Shen:1998bt,
  author = {{Shen, Guoyin} and {Mao, Ho-kwang} and {Hemley, Russell J} and {Duffy, Thomas S} and {Rivers, Mark L}},
  month  = feb,
  number = {3},
  pages  = {373--376},
  title  = {{Melting and crystal structure of iron at high pressures and temperatures}},
  volume = {25},
  year   = {1998},
}

@article{Mao:1967iz,
  author  = {Mao, Ho-kwang and Bassett, William A and Takahashi, Taro},
  journal = {Journal of Applied physics},
  month   = jan,
  number  = {1},
  pages   = {272--276},
  title   = {{Effect of Pressure on Crystal Structure and Lattice Parameters of Iron up to 300 kbar}},
  volume  = {38},
  year    = {1967},
}

@article{Mao:1999fg,
  author = {Mao, Ho-kwang and Shu, Jinfu and Shen, Guoyin and Hemley, Russell J and Li, Baosheng and Singh, Anil K},
  month  = may,
  number = {6733},
  pages  = {280--280},
  title  = {{Correction: Elasticity and rheology of iron above 220 GPa and the nature of the Earth's inner core}},
  volume = {399},
  year   = {1999},
}

@article{McDonough:1995iz,
  author  = {McDonough, W F and Sun, S s},
  journal = {Chemical Geology},
  month   = mar,
  number  = {3-4},
  pages   = {223--253},
  title   = {{The composition of the Earth}},
  volume  = {120},
  year    = {1995},
}

@article{Soderlind:1996du,
  author  = {Söderlind, Per and Moriarty, John A and Wills, John M},
  journal = {Physical Review B},
  month   = jun,
  number  = {21},
  pages   = {14063--14072},
  title   = {{First-principles theory of iron up to earth-core pressures: Structural, vibrational, and elastic properties}},
  volume  = {53},
  year    = {1996},
}

@article{Yoo:1995kx,
  author  = {Yoo, C S and Akella, J and Campbell, A J and Mao, H K and Hemley, R J},
  journal = {Science},
  month   = dec,
  number  = {5241},
  pages   = {1473--1475},
  title   = {{Phase Diagram of Iron by in Situ X-ray Diffraction: Implications for Earth's Core}},
  volume  = {270},
  year    = {1995},
}